@ARTICLE{2006MNRAS.372..219M,
   author = {{Mikkola}, S. and {Merritt}, D.},
    title = "{Algorithmic regularization with velocity-dependent forces}",
  journal = {\mnras},
   eprint = {astro-ph/0605054},
 keywords = {stellar dynamics: methods: N-body simulations: celestial mechanics, stellar dynamics, methods: N-body simulations, celestial mechanics},
     year = 2006,
    month = oct,
   volume = 372,
    pages = {219-223},
      doi = {10.1111/j.1365-2966.2006.10854.x},
   adsurl = {http://adsabs.harvard.edu/abs/2006MNRAS.372..219M},
  adsnote = {Provided by the SAO/NASA Astrophysics Data System}
}

@ARTICLE{2008AJ....135.2398M,
   author = {{Mikkola}, S. and {Merritt}, D.},
    title = "{Implementing Few-Body Algorithmic Regularization with Post-Newtonian Terms}",
  journal = {\aj},
archivePrefix = "arXiv",
   eprint = {0709.3367},
 keywords = {black hole physics, celestial mechanics, Galaxy: center, methods: N-body simulations, relativity, stellar dynamics},
     year = 2008,
    month = jun,
   volume = 135,
    pages = {2398-2405},
      doi = {10.1088/0004-6256/135/6/2398},
   adsurl = {http://adsabs.harvard.edu/abs/2008AJ....135.2398M},
  adsnote = {Provided by the SAO/NASA Astrophysics Data System}
}

@ARTICLE{2015ApJ...799..178K,
   author = {{Kulier}, A. and {Ostriker}, J.~P. and {Natarajan}, P. and {Lackner}, C.~N. and 
	{Cen}, R.},
    title = "{Understanding Black Hole Mass Assembly via Accretion and Mergers at Late Times in Cosmological Simulations}",
  journal = {\apj},
archivePrefix = "arXiv",
   eprint = {1307.3684},
 keywords = {black hole physics, galaxies: nuclei, quasars: general},
     year = 2015,
    month = feb,
   volume = 799,
      eid = {178},
    pages = {178},
      doi = {10.1088/0004-637X/799/2/178},
   adsurl = {http://adsabs.harvard.edu/abs/2015ApJ...799..178K},
  adsnote = {Provided by the SAO/NASA Astrophysics Data System}
}

@ARTICLE{1997ApJ...490..493N,
   author = {{Navarro}, J.~F. and {Frenk}, C.~S. and {White}, S.~D.~M.},
    title = "{A Universal Density Profile from Hierarchical Clustering}",
  journal = {\apj},
   eprint = {astro-ph/9611107},
 keywords = {Cosmology: Theory, Cosmology: Dark Matter, Galaxies: Halos, Methods: Numerical},
     year = 1997,
    month = dec,
   volume = 490,
    pages = {493-508},
   adsurl = {http://adsabs.harvard.edu/abs/1997ApJ...490..493N},
  adsnote = {Provided by the SAO/NASA Astrophysics Data System}
}

@ARTICLE{2011ApJ...741...99C,
   author = {{Cen}, R.},
    title = "{Environmentally Driven Global Evolution of Galaxies}",
  journal = {\apj},
archivePrefix = "arXiv",
   eprint = {1104.5046},
 keywords = {cosmology: theory, galaxies: clusters: intracluster medium, galaxies: evolution, galaxies: groups: general, hydrodynamics, methods: numerical},
     year = 2011,
    month = nov,
   volume = 741,
      eid = {99},
    pages = {99},
      doi = {10.1088/0004-637X/741/2/99},
   adsurl = {http://adsabs.harvard.edu/abs/2011ApJ...741...99C},
  adsnote = {Provided by the SAO/NASA Astrophysics Data System}
}


@ARTICLE{2015ApJ...806L..28S,
   author = {{Stone}, N.~C. and {Ostriker}, J.~P.},
    title = "{A Dynamical Potential-Density Pair for Star Clusters with Nearly Isothermal Interiors}",
  journal = {\apjl},
archivePrefix = "arXiv",
   eprint = {1503.03479},
 keywords = {galaxies: nuclei, globular clusters: general, methods: analytical, open clusters and associations: general},
     year = 2015,
    month = jun,
   volume = 806,
      eid = {L28},
    pages = {L28},
      doi = {10.1088/2041-8205/806/2/L28},
   adsurl = {http://adsabs.harvard.edu/abs/2015ApJ...806L..28S},
  adsnote = {Provided by the SAO/NASA Astrophysics Data System}
}

@ARTICLE{2011ApJ...742L..33C,
   author = {{Cen}, R.},
    title = "{Far-infrared Properties of Lyman Break Galaxies from Cosmological Simulations}",
  journal = {\apjl},
archivePrefix = "arXiv",
   eprint = {1110.5645},
 keywords = {galaxies: evolution, galaxies: formation, galaxies: interactions, intergalactic medium, methods: numerical},
     year = 2011,
    month = dec,
   volume = 742,
      eid = {L33},
    pages = {L33},
      doi = {10.1088/2041-8205/742/2/L33},
   adsurl = {http://adsabs.harvard.edu/abs/2011ApJ...742L..33C},
  adsnote = {Provided by the SAO/NASA Astrophysics Data System}
}

@ARTICLE{2012ApJ...753...17C,
   author = {{Cen}, R.},
    title = "{Coincidences between O VI and O VII Lines: Insights from High-resolution Simulations of the Warm-hot Intergalactic Medium}",
  journal = {\apj},
archivePrefix = "arXiv",
   eprint = {1112.4527},
 keywords = {galaxies: interactions, hydrodynamics, intergalactic medium, methods: numerical, ultraviolet: general, X-rays: general},
     year = 2012,
    month = jul,
   volume = 753,
      eid = {17},
    pages = {17},
      doi = {10.1088/0004-637X/753/1/17},
   adsurl = {http://adsabs.harvard.edu/abs/2012ApJ...753...17C},
  adsnote = {Provided by the SAO/NASA Astrophysics Data System}
}

@ARTICLE{2012ApJ...748..121C,
   author = {{Cen}, R.},
    title = "{The Nature of Damped Ly{$\alpha$} Systems and Their Hosts in the Standard Cold Dark Matter Universe}",
  journal = {\apj},
archivePrefix = "arXiv",
   eprint = {1010.5014},
 keywords = {galaxies: evolution, galaxies: interactions, intergalactic medium, ISM: kinematics and dynamics, methods: numerical},
     year = 2012,
    month = apr,
   volume = 748,
      eid = {121},
    pages = {121},
      doi = {10.1088/0004-637X/748/2/121},
   adsurl = {http://adsabs.harvard.edu/abs/2012ApJ...748..121C},
  adsnote = {Provided by the SAO/NASA Astrophysics Data System}
}

@ARTICLE{2013ApJ...770..139C,
   author = {{Cen}, R.},
    title = "{Composition of Low-redshift Halo Gas}",
  journal = {\apj},
archivePrefix = "arXiv",
   eprint = {1304.3466},
 keywords = {cosmology: theory, galaxies: halos, hydrodynamics, intergalactic medium, supernovae: general },
     year = 2013,
    month = jun,
   volume = 770,
      eid = {139},
    pages = {139},
      doi = {10.1088/0004-637X/770/2/139},
   adsurl = {http://adsabs.harvard.edu/abs/2013ApJ...770..139C},
  adsnote = {Provided by the SAO/NASA Astrophysics Data System}
}

@ARTICLE{2011MNRAS.417.2300K,
   author = {{K{\"u}pper}, A.~H.~W. and {Maschberger}, T. and {Kroupa}, P. and 
	{Baumgardt}, H.},
    title = "{Mass segregation and fractal substructure in young massive clusters - I. The McLuster code and method calibration}",
  journal = {\mnras},
archivePrefix = "arXiv",
   eprint = {1107.2395},
 keywords = {methods: data analysis, Magellanic Clouds, galaxies: star clusters: individual: R136},
     year = 2011,
    month = nov,
   volume = 417,
    pages = {2300-2317},
      doi = {10.1111/j.1365-2966.2011.19412.x},
   adsurl = {http://adsabs.harvard.edu/abs/2011MNRAS.417.2300K},
  adsnote = {Provided by the SAO/NASA Astrophysics Data System}
}

@ARTICLE{2012PhRvD..85h4015L,
   author = {{Lousto}, C.~O. and {Zlochower}, Y. and {Dotti}, M. and {Volonteri}, M.
	},
    title = "{Gravitational recoil from accretion-aligned black-hole binaries}",
  journal = {\prd},
archivePrefix = "arXiv",
   eprint = {1201.1923},
 primaryClass = "gr-qc",
 keywords = {Numerical studies of black holes and black-hole binaries, Post-Newtonian approximation, perturbation theory, related approximations, Wave generation and sources, Classical black holes},
     year = 2012,
    month = apr,
   volume = 85,
   number = 8,
      eid = {084015},
    pages = {084015},
      doi = {10.1103/PhysRevD.85.084015},
   adsurl = {http://adsabs.harvard.edu/abs/2012PhRvD..85h4015L},
  adsnote = {Provided by the SAO/NASA Astrophysics Data System}
}